<?xml version="1.0" encoding="UTF-8"?><collection xmlns="http://www.loc.gov/MARC21/slim"><record><leader>00540nam--2200181-i-4500</leader><controlfield tag="001">000047537</controlfield><controlfield tag="002">20161230</controlfield><controlfield tag="005">20161230201046</controlfield><controlfield tag="008">060222s1000------------r-----000-0-eng-d</controlfield><datafield ind1=" " ind2=" " tag="040"><subfield code="a">IFIN-HH</subfield></datafield><datafield ind1=" " ind2=" " tag="080"><subfield code="a">519.217</subfield></datafield><datafield ind1="1" ind2=" " tag="100"><subfield code="a">Williams, David</subfield></datafield><datafield ind1=" " ind2=" " tag="245"><subfield code="a">Diffusions, markov processes and martingales. vol.1: foundations</subfield><subfield code="c">David Williams</subfield></datafield><datafield ind1=" " ind2=" " tag="260"><subfield code="a">Chichester, John Wiley &amp; Sons, 1979</subfield></datafield><datafield ind1=" " ind2=" " tag="300"><subfield code="a">X+237P</subfield></datafield><datafield ind1=" " ind2=" " tag="490"><subfield code="a">Wiley Series in Probability and Mathematical Statistics</subfield></datafield><datafield ind1=" " ind2=" " tag="852"><subfield code="a">46935</subfield><subfield code="c">519.2</subfield></datafield><datafield ind1=" " ind2=" " tag="CAT"><subfield code="a">Sys</subfield><subfield code="c">20100607</subfield><subfield code="h">093541</subfield></datafield></record></collection>